<?xml version="1.0" encoding="UTF-8"?><collection xmlns="http://www.loc.gov/MARC21/slim"><record><leader>00444nam--2200145-i-4500</leader><controlfield tag="001">000007507</controlfield><controlfield tag="002">20161230</controlfield><controlfield tag="005">20161230201027</controlfield><controlfield tag="008">060222s1000------------r-----000-0-eng-d</controlfield><datafield ind1=" " ind2=" " tag="080"><subfield code="a">533.6.7</subfield></datafield><datafield ind1=" " ind2=" " tag="100"><subfield code="a">Brush, S.G</subfield></datafield><datafield ind1=" " ind2=" " tag="245"><subfield code="a">Kinetic theory: vol.1:the nature of gases and of heat</subfield></datafield><datafield ind1=" " ind2=" " tag="260"><subfield code="a">Oxford, Pergamon Press, 1965-1966. Xi + 181 P</subfield></datafield><datafield ind1=" " ind2=" " tag="490"><subfield code="a">The Commonwealth And International Library, Se Lected Readings In Physics</subfield></datafield><datafield ind1=" " ind2=" " tag="852"><subfield code="a">22029</subfield></datafield></record></collection>